@article{baker2020engineering,
  title={Engineering Statics: Open and Interactive},
  author={Baker, Daniel W and Haynes, William},
  year={2020},
  publisher={Daniel Baker and William Haynes}
}
@article{liu2013failure,
  title={Failure characteristics of strength-equivalent aluminium and steel plates in impact conditions},
  author={Liu, B and Villavicencio, R and Soares, C Guedes},
  journal={Analysis and Design of Marine Structures, vol., no},
  pages={167},
  year={2013}
}
